
@InProceedings{EckartDeCastilho:etal:16,
  author    = {Eckart de Castilho, Richard and M\'{u}jdricza-Maydt, \'{E}va and Yimam, Seid Muhie and Hartmann, Silvana and Gurevych, Iryna and Frank, Anette and Biemann, Chris},
  title     = {A Web-based Tool for the Integrated Annotation of Semantic and Syntactic Structures},
  booktitle = {Proceedings of the Workshop on Language Technology Resources and Tools for Digital Humanities ({LT4DH})},
  year      = {2016},
  pages     = {76--84},
  address   = {Osaka, Japan},
  owner     = {timm},
  timestamp = {2017-08-16},
}

