
@InProceedings{fifak:blabal,
  author = 	 {Filigran Fifak and Gizbert Gryzogrzechotalski},
  title = 	 {On blabal fetoria},
  booktitle = {Proceedings of Euroblabal 2000},
  pages = 	 {124--132},
  year = 	 2000}


@MastersThesis{blarbarucki:blabalyser,
  author = 	 {Robert Blarbarucki},
  title = 	 {The implementation of a differential blabalyser},
  school = 	 {Faculty of Computer Science, Warsaw University},
  year = 	 2006}

@Article{fifak:aspects,
  author = 	 {Elizjusz Blarbarucki},
  title = 	 {On some aspects of some aspects},
  journal = 	 {Astrolog Polski},
  year = 	 1916,
  volume = 	 16,
  pages = 	 {13---36}}

@Article{fifak:sigma_rho,
  author = 	 {Filigran Fifak},
  title = 	 {On {σ-ρ} aromas in blabalystics},
  journal = 	 {Acta Fetorica},
  year = 	 2001,
  volume = 	 {12},
  pages = 	 {227-234},
  number = 	 {2}}

